@article{park2018apriori,
  title={Apriori-based text mining method for the advancement of the transportation management plan in expressway work zones},
  author={Park, Shin Hyoung and Synn, Jienki and Kwon, Oh Hoon and Sung, Yunsick},
  journal={The Journal of Supercomputing},
  volume={74},
  number={3},
  pages={1283--1298},
  year={2018},
  publisher={Springer}
}

@inproceedings{kibanov2018adaptive,
  title={Adaptive {k-NN} using expected accuracy for classification of geo-spatial data},
  author={Kibanov, Mark and Becker, Martin and Mueller, Juergen and Atzmueller, Martin and Hotho, Andreas and Stumme, Gerd},
  booktitle={Proceedings of the 33rd Annual ACM Symposium on Applied Computing},
  pages={857--865},
  address={Pau, France},
  year={2018},
  organization={ACM}
}

@inproceedings{singh2016review,
  title={A review of supervised machine learning algorithms},
  author={Singh, Amanpreet and Thakur, Narina and Sharma, Aakanksha},
  booktitle={Computing for Sustainable Global Development (INDIACom), 2016 3rd International Conference on},
  address={New Delhi, India},
  pages={1310--1315},
  year={2016},
  organization={IEEE}
}

@inproceedings{cruz2018detecccao,
  title={Detecção de Anomalias Frequentes no Transporte Rodoviário Urbano},
  author={Cruz, Ana and Ferreira, Joao and Carvalho, Diego and Mendes, Eduardo and Pacitti, Esther and Coutinho, Rafaelli and Porto, F{\'a}bio and Ogasawara, Eduardo},
  booktitle={SBBD: Brazilian Symposium on Databases},
  pages={271--276},
  address={Rio de Janeiro, Brazil},
  year={2018},
  organization={SBC}
}

@article{yu2018discovering,
  title={Discovering Frequent Movement Paths From Taxi Trajectory Data Using Spatially Embedded Networks and Association Rules},
  author={Yu, Wenhao},
  journal={IEEE Transactions on Intelligent Transportation Systems},
  year={2018},
  publisher={IEEE}
}

@article{zeng2017visual,
  title={A visual analytics design for studying rhythm patterns from human daily movement data},
  author={Zeng, Wei and Fu, Chi-Wing and Arisona, Stefan M{\"u}ller and Schubiger, Simon and Burkhard, Remo and Ma, Kwan-Liu},
  journal={Visual Informatics},
  volume={1},
  number={2},
  pages={81--91},
  year={2017},
  publisher={Elsevier}
}

@article{zhao2019recognizing,
  title={Recognizing metro-bus transfers from smart card data},
  author={Zhao, De and Wang, Wei and Li, Chenyang and Ji, Yanjie and Hu, Xiaojian and Wang, Wenfu},
  journal={Transportation Planning and Technology},
  volume={42},
  number={1},
  pages={70--83},
  year={2019},
  publisher={Taylor \& Francis}
}

@inproceedings{khemphila2010comparing,
  title={Comparing performances of logistic regression, decision trees, and neural networks for classifying heart disease patients},
  author={Khemphila, Anchana and Boonjing, Veera},
  booktitle={Computer Information Systems and Industrial Management Applications (CISIM), 2010 International Conference on},
  address={Cracow, Poland},
  pages={193--198},
  year={2010},
  organization={IEEE}
}

@article{schein2007active,
  title={Active learning for logistic regression: an evaluation},
  author={Schein, Andrew I and Ungar, Lyle H},
  journal={Machine Learning},
  volume={68},
  number={3},
  pages={235--265},
  year={2007},
  publisher={Springer}
}

@article{kurt2008comparing,
  title={Comparing performances of logistic regression, classification and regression tree, and neural networks for predicting coronary artery disease},
  author={Kurt, Imran and Ture, Mevlut and Kurum, A Turhan},
  journal={Expert systems with applications},
  volume={34},
  number={1},
  pages={366--374},
  year={2008},
  publisher={Elsevier}
}

@article{kotsiantis2006machine,
  title={Machine learning: a review of classification and combining techniques},
  author={Kotsiantis, Sotiris B and Zaharakis, Ioannis D and Pintelas, Panayiotis E},
  journal={Artificial Intelligence Review},
  volume={26},
  number={3},
  pages={159--190},
  year={2006},
  publisher={Springer}
}

@article{grange2018random,
  title={Random forest meteorological normalisation models for Swiss PM 10 trend analysis},
  author={Grange, Stuart K and Carslaw, David C and Lewis, Alastair C and Boleti, Eirini and Hueglin, Christoph},
  journal={Atmospheric Chemistry and Physics},
  volume={18},
  number={9},
  pages={6223--6239},
  year={2018},
  publisher={Copernicus GmbH}
}

@inproceedings{dogru2018traffic,
  title={Traffic accident detection using random forest classifier},
  author={Dogru, Nejdet and Subasi, Abdulhamit},
  booktitle={Learning and Technology Conference (L\&T), 2018 15th},
  address={Jeddah, KSA},
  pages={40--45},
  year={2018},
  organization={IEEE}
}

@article{mcdonald2014steering,
  title={Steering in a random forest: Ensemble learning for detecting drowsiness-related lane departures},
  author={McDonald, Anthony D and Lee, John D and Schwarz, Chris and Brown, Timothy L},
  journal={Human factors},
  volume={56},
  number={5},
  pages={986--998},
  year={2014},
  publisher={Sage Publications Sage CA: Los Angeles, CA}
}

@article{thanh2018comparison,
  title={Comparison of random forest, k-nearest neighbor, and support vector machine classifiers for land cover classification using Sentinel-2 imagery},
  author={Thanh Noi, Phan and Kappas, Martin},
  journal={Sensors},
  volume={18},
  number={1},
  pages={18},
  year={2018},
  publisher={Multidisciplinary Digital Publishing Institute}
}

@article{yahav2018comments,
  title={Comments Mining With TF-IDF: The Inherent Bias and Its Removal},
  author={Yahav, Inbal and Shehory, Onn and Schwartz, David},
  journal={IEEE Transactions on Knowledge and Data Engineering},
  year={2018},
  publisher={IEEE}
}

@inproceedings{xie2008optimization,
  title={The Optimization and Improvement of the Apriori Algorithm},
  author={Xie, Yiwu and Li, Yutong and Wang, Chunli and Lu, Mingyu},
  booktitle={Education Technology and Training, 2008. and 2008 International Workshop on Geoscience and Remote Sensing. ETT and GRS 2008. International Workshop on},
  volume={2},
  address={Shanghai, China},
  pages={663--665},
  year={2008},
  organization={IEEE}
}

@inproceedings{zhang2014method,
  title={A method to optimize Apriori algorithm for frequent items mining},
  author={Zhang, Ke and Liu, Jianhuan and Chai, Yi and Zhou, Jiayi and Li, Yi},
  booktitle={Computational Intelligence and Design (ISCID), 2014 Seventh International Symposium on},
  volume={1},
  pages={71--75},
  address={Hangzhou, China},
  year={2014},
  organization={IEEE}
}

@article{kotsiantis2007supervised,
  title={Supervised machine learning: A review of classification techniques},
  author={Kotsiantis, Sotiris B and Zaharakis, I and Pintelas, P},
  journal={Emerging artificial intelligence applications in computer engineering},
  volume={160},
  pages={3--24},
  year={2007}
}

@inproceedings{narayanan2017survey,
  title={A survey on various supervised classification algorithms},
  author={Narayanan, Uma and Unnikrishnan, Athira and Paul, Varghese and Joseph, Shelbi},
  booktitle={2017 International Conference on Energy, Communication, Data Analytics and Soft Computing (ICECDS)},
  pages={2118--2124},
  address={Chennai, India},
  year={2017},
  organization={IEEE}
}

@inproceedings{dwivedi2016automatic,
  title={Automatic Text Classification in Information retrieval: A Survey},
  author={Dwivedi, Sanjay K and Arya, Chandrakala},
  booktitle={Proceedings of the Second International Conference on Information and Communication Technology for Competitive Strategies},
  address={Jeddah, KSA},
  pages={131},
  year={2016},
  organization={ACM}
}

@inproceedings{wu2018improved,
  title={An Improved TF-IDF algorithm based on word frequency distribution information and category distribution information},
  author={Wu, Haoying and Yuan, Na},
  booktitle={Proceedings of the 3rd International Conference on Intelligent Information Processing},
  address={Guilin, China},
  pages={211--215},
  year={2018},
  organization={ACM}
}

@article{kuflik2017automating,
  title={Automating a framework to extract and analyse transport related social media content: The potential and the challenges},
  author={Kuflik, Tsvi and Minkov, Einat and Nocera, Silvio and Grant-Muller, Susan and Gal-Tzur, Ayelet and Shoor, Itay},
  journal={Transportation Research Part C: Emerging Technologies},
  volume={77},
  pages={275--291},
  year={2017},
  publisher={Elsevier}
}

@article{middleton2016geoparsing,
  title={Geoparsing and geosemantics for social media: spatio-temporal grounding of content propagating rumours to support trust and veracity analysis during breaking news},
  author={Middleton, Stuart E and Krivcovs, Vadims},
  journal={ACM Transactions on Information Systems},
  volume={34},
  number={3},
  pages={1--27},
  year={2016},
  publisher={ACM Press}
}

@misc{googleTransit,
  title =	 {Google Transit API},
  author =	 {{Google, Inc.}},
  year =	 2017,
  url =		 {https://developers.google.com/transit},
  note =	 {Acesso em 22 de janeiro de 2017}
}

@Manual{CGSI2017,
  title =	 {Manual do Cadastro Nacional dos Estabelecimentos de
                  Saúde/CNES -- Versão 2},
  author =	 {Rosane de Mendonça Gomes and others},
  organization = {Ministério da Saúde},
  year =	 2006,
  note =	 {Disponível em
                  \url{http://www.pmf.sc.gov.br/arquivos/arquivos/pdf/04_01_2010_10.27.25.2b615e6755138defe1bdb00f1c86031f.PDF}. Acesso
                  em 22 de janeiro de 2017}
}

@misc{metadadosSptrans,
  title =	 {Metadados dos dados AVL da SPTrans},
  author =	 {SPTrans},
  year =	 2017,
  howpublished = {Obtido via Portal da Transparência da Cidade de São Paulo (protocolo 25392)}
}

@misc{wordcloud,
  author =	 {Mueller, Andreas and others},
  title =	 {WordCloud 1.5.0 -- A little word cloud generator in
                  Python},
  month =	 jul,
  year =	 2018,
  doi =		 {10.5281/zenodo.1322068},
  url =		 {https://doi.org/10.5281/zenodo.1322068}
}

@misc{geoparsepy2,
  title = {Geoparse Benchmark Open Dataset},
  author = {{University of Southampton IT Innovation Centre}},
  year = {2017},
  howpublished = "\url{https://pypi.python.org/pypi/geoparsepy}",
  note = {Acesso em 30 de abril de 2017}
}

@article{biolchini2005techincal,
  title={Systematic review in software engineering},
  author={Biolchini, Jorge and Mian, Paula Gomes and Natali, Ana Candida Cruz and Travassos, Guilherme Horta},
  journal={System Engineering and Computer Science Department COPPE/UFRJ, Technical Report ES},
  volume={679},
  number={05},
  pages={45},
  year={2005}
}

@inproceedings{Wen2016,
  title={Pairfac: Event analytics through discriminant tensor factorization},
  author={Wen, Xidao and Lin, {Yu-Ru} and Pelechrinis, Konstantinos},
  booktitle={Proceedings of the 25th ACM International on Conference on Information and Knowledge Management},
  pages={519--528},
  address={Indianapolis, Indiana, USA},
  year={2016},
  organization={ACM}
}

@inproceedings{Mukherjee2015,
 author = {Mukherjee, Tridib and Chander, Deepthi and Eswaran, Sharanya and Singh, Mridula and Varma, Preethy and Chugh, Amandeep and Dasgupta, Koustuv},
 title = {Janayuja: A People-centric Platform to Generate Reliable and Actionable Insights for Civic Agencies},
 booktitle = {Proceedings of the 2015 Annual Symposium on Computing for Development},
 series = {DEV '15},
 year = {2015},
 isbn = {978-1-4503-3490-7},
 location = {London, United Kingdom},
 pages = {137--145},
 numpages = {9},
 url = {http://doi.acm.org/10.1145/2830629.2830642},
 doi = {10.1145/2830629.2830642},
 acmid = {2830642},
 publisher = {ACM},
 address = {New York, NY, USA},
 keywords = {crowdsourcing, data science, trust, urban informatics},
} 


@article{Anantharam2015,
 author = {Anantharam, Pramod and Barnaghi, Payam and Thirunarayan, Krishnaprasad and Sheth, Amit},
 title = {Extracting City Traffic Events from Social Streams},
 journal = {ACM Trans. Intell. Syst. Technol.},
 issue_date = {August 2015},
 volume = {6},
 number = {4},
 month = jul,
 year = {2015},
 issn = {2157-6904},
 pages = {43:1--43:27},
 articleno = {43},
 numpages = {27},
 url = {http://doi.acm.org/10.1145/2717317},
 doi = {10.1145/2717317},
 acmid = {2717317},
 publisher = {ACM},
 address = {New York, NY, USA},
 keywords = {Smart cities, citizen sensing, city events, event extraction, physical-cyber-social systems, tweets},
} 

@inproceedings{Farseev2015,
 author = {Farseev, Aleksandr and Nie, Liqiang and Akbari, Mohammad and Chua, Tat-Seng},
 title = {Harvesting Multiple Sources for User Profile Learning: A Big Data Study},
 booktitle = {Proceedings of the 5th ACM on International Conference on Multimedia Retrieval},
 series = {ICMR '15},
 year = {2015},
 isbn = {978-1-4503-3274-3},
 location = {Shanghai, China},
 pages = {235--242},
 numpages = {8},
 url = {http://doi.acm.org/10.1145/2671188.2749381},
 doi = {10.1145/2671188.2749381},
 acmid = {2749381},
 publisher = {ACM},
 address = {New York, NY, USA},
 keywords = {demographic profile, mobility profile, multiple source integration, user profile learning},
} 

@inproceedings{Gutev2016,
 author = {Gutev, Aleksey and Nenko, Aleksandra},
 title = {Better Cycling - Better Life: Social Media Based Parametric Modeling Advancing Governance of Public Transportation System in St. Petersburg},
 booktitle = {Proceedings of the International Conference on Electronic Governance and Open Society: Challenges in Eurasia},
 series = {EGOSE '16},
 year = {2016},
 isbn = {978-1-4503-4859-1},
 location = {St. Petersburg, Russia},
 pages = {242--247},
 numpages = {6},
 url = {http://doi.acm.org/10.1145/3014087.3014123},
 doi = {10.1145/3014087.3014123},
 acmid = {3014123},
 publisher = {ACM},
 address = {New York, NY, USA},
 keywords = {cycling infrastructure, e-governance, parametric modeling, quality of urban life, social media},
} 

@inproceedings{Mata2015,
 author = {Mata, Felix and Claramunt, Christophe},
 title = {A Mobile Trusted Path System Based on Social Network Data},
 booktitle = {Proceedings of the 23rd SIGSPATIAL International Conference on Advances in Geographic Information Systems},
 series = {SIGSPATIAL '15},
 year = {2015},
 isbn = {978-1-4503-3967-4},
 location = {Seattle, Washington},
 pages = {101:1--101:4},
 articleno = {101},
 numpages = {4},
 url = {http://doi.acm.org/10.1145/2820783.2820799},
 doi = {10.1145/2820783.2820799},
 acmid = {2820799},
 publisher = {ACM},
 address = {New York, NY, USA},
 keywords = {outdoor navigation, recommender systems, trusted paths},
} 

@inproceedings{Chen2016,
 author = {Chen, Longbiao and Zhang, Daqing and Wang, Leye and Yang, Dingqi and Ma, Xiaojuan and Li, Shijian and Wu, Zhaohui and Pan, Gang and Nguyen, Thi-Mai-Trang and Jakubowicz, J{\'e}r{\'e}mie},
 title = {Dynamic Cluster-based Over-demand Prediction in Bike Sharing Systems},
 booktitle = {Proceedings of the 2016 ACM International Joint Conference on Pervasive and Ubiquitous Computing},
 series = {UbiComp '16},
 year = {2016},
 isbn = {978-1-4503-4461-6},
 location = {Heidelberg, Germany},
 pages = {841--852},
 numpages = {12},
 url = {http://doi.acm.org/10.1145/2971648.2971652},
 doi = {10.1145/2971648.2971652},
 acmid = {2971652},
 publisher = {ACM},
 address = {New York, NY, USA},
 keywords = {bike sharing system, over-demand prediction, urban data},
} 


@inproceedings{Abbasi2015,
 author = {Abbasi, Alireza and Rashidi, Taha Hossein and Maghrebi, Mojtaba and Waller, S. Travis},
 title = {Utilising Location Based Social Media in Travel Survey Methods: Bringing Twitter Data into the Play},
 booktitle = {Proceedings of the 8th ACM SIGSPATIAL International Workshop on Location-Based Social Networks},
 series = {LBSN'15},
 year = {2015},
 isbn = {978-1-4503-3975-9},
 location = {Bellevue, WA, USA},
 pages = {1:1--1:9},
 articleno = {1},
 numpages = {9},
 url = {http://doi.acm.org/10.1145/2830657.2830660},
 doi = {10.1145/2830657.2830660},
 acmid = {2830660},
 publisher = {ACM},
 address = {New York, NY, USA},
 keywords = {Location based social media, Social media, Topic modelling, Travel demand analysis},
} 

@inproceedings{Soomro2016,
 author = {Soomro, Kamran and Khan, Zaheer and Hasham, Khawar},
 title = {Towards Provisioning of Real-time Smart City Services Using Clouds},
 booktitle = {Proceedings of the 9th International Conference on Utility and Cloud Computing},
 series = {UCC '16},
 year = {2016},
 isbn = {978-1-4503-4616-0},
 location = {Shanghai, China},
 pages = {191--195},
 numpages = {5},
 url = {http://doi.acm.org/10.1145/2996890.3007860},
 doi = {10.1145/2996890.3007860},
 acmid = {3007860},
 publisher = {ACM},
 address = {New York, NY, USA},
 keywords = {cloud computing, social media mining, storm},
} 

@inproceedings{Zagal2016,
 author = {Zagal, Roberto and Mata, Felix and Claramunt, Christophe},
 title = {Geographical Knowledge Discovery Applied to the Social Perception of Pollution in the City of Mexico},
 booktitle = {Proceedings of the 9th ACM SIGSPATIAL Workshop on Location-based Social Networks},
 series = {LBSN16},
 year = {2016},
 isbn = {978-1-4503-4586-6},
 location = {Burlingame, CA, USA},
 pages = {3:1--3:6},
 articleno = {3},
 numpages = {6},
 url = {http://doi.acm.org/10.1145/3021304.3021307},
 doi = {10.1145/3021304.3021307},
 acmid = {3021307},
 publisher = {ACM},
 address = {New York, NY, USA},
 keywords = {GKD, Social analysis, machine learning},
} 

@Article{Bendler2014,
author="Bendler, Johannes
and Wagner, Sebastian
and Brandt, Tobias
and Neumann, Dirk",
title="Taming Uncertainty in Big Data",
journal="Business {\&} Information Systems Engineering",
year="2014",
month="Oct",
day="01",
volume="6",
number="5",
pages="279--288",
issn="1867-0202",
doi="10.1007/s12599-014-0342-4",
url="https://doi.org/10.1007/s12599-014-0342-4"
}

@article{Frias-Martinez2014,
title = "Spectral clustering for sensing urban land use using Twitter activity",
journal = "Engineering Applications of Artificial Intelligence",
volume = "35",
pages = "237 - 245",
year = "2014",
issn = "0952-1976",
doi = "https://doi.org/10.1016/j.engappai.2014.06.019",
url = "http://www.sciencedirect.com/science/article/pii/S0952197614001419",
author = "Vanessa Frias-Martinez and Enrique Frias-Martinez",
keywords = "Urban computing, Crowd behavior, Land use detection, Spectral clustering",
}

@article{Lecue2014,
title = "Smart traffic analytics in the semantic web with STAR-CITY: Scenarios, system and lessons learned in Dublin City",
journal = "Journal of Web Semantics",
volume = "27-28",
pages = "26 - 33",
year = "2014",
note = "Semantic Web Challenge 2013",
issn = "1570-8268",
doi = "https://doi.org/10.1016/j.websem.2014.07.002",
url = "http://www.sciencedirect.com/science/article/pii/S157082681400050X",
author = "Freddy Lécué and Simone Tallevi-Diotallevi and Jer Hayes and Robert Tucker and Veli Bicer and Marco Sbodio and Pierpaolo Tommasi",
keywords = "Semantic web, Reasoning system, Intelligent system, Traffic analytics, Smart traffic",
}

@article{Steiger2015Census,
title = "Twitter as an indicator for whereabouts of people? Correlating Twitter with UK census data",
journal = "Computers, Environment and Urban Systems",
volume = "54",
pages = "255 - 265",
year = "2015",
issn = "0198-9715",
doi = "https://doi.org/10.1016/j.compenvurbsys.2015.09.007",
url = "http://www.sciencedirect.com/science/article/pii/S0198971515300181",
author = "Enrico Steiger and RenÃ© Westerholt and Bernd Resch and Alexander Zipf",
keywords = "Crowdsourcing of human activities, LBSN, Twitter, Spatial autocorrelation, Semantic topic modeling",
}

@Article{Yousaf2014,
author="Yousaf, Jamal
and Li, Juanzi
and Chen, Lu
and Tang, Jie
and Dai, Xiaowen",
title="Generalized multipath planning model for ride-sharing systems",
journal="Frontiers of Computer Science",
year="2014",
month="Feb",
day="01",
volume="8",
number="1",
pages="100--118",
issn="2095-2236",
doi="10.1007/s11704-013-3021-6",
url="https://doi.org/10.1007/s11704-013-3021-6"
}

@article{Gal-Tzur2014,
title = "The potential of social media in delivering transport policy goals",
journal = "Transport Policy",
volume = "32",
pages = "115 - 123",
year = "2014",
issn = "0967-070X",
doi = "https://doi.org/10.1016/j.tranpol.2014.01.007",
url = "http://www.sciencedirect.com/science/article/pii/S0967070X14000225",
author = "Ayelet Gal-Tzur and Susan M. Grant-Muller and Tsvi Kuflik and Einat Minkov and Silvio Nocera and Itay Shoor",
keywords = "Social media, Transport planning, Transport policy, Travel behaviour, Text mining",
}

@article{Thomaz2016,
title = "Content mining framework in social media: A FIFA world cup 2014 case analysis",
journal = "Information {\&} Management",
volume = "54",
number = "6",
pages = "786 - 801",
year = "2017",
note = "Smart Tourism: Traveler, Business, and Organizational Perspectives",
issn = "0378-7206",
doi = "https://doi.org/10.1016/j.im.2016.11.005",
url = "http://www.sciencedirect.com/science/article/pii/S0378720616303354",
author = "Guilherme M. Thomaz and Alexandre A. Biz and Eduardo M. Bettoni and Luiz Mendes-Filho and Dimitrios Buhalis",
keywords = "Social media, Content mining, Twitter, Tourist services, Brazil, FIFA world cup 2014",
}

@article{Gkiotsalitis2015,
title = "A utility-maximization model for retrieving users willingness to travel for participating in activities from big-data",
journal = "Transportation Research Part C: Emerging Technologies",
volume = "58",
pages = "265 - 277",
year = "2015",
note = "Big Data in Transportation and Traffic Engineering",
issn = "0968-090X",
doi = "https://doi.org/10.1016/j.trc.2014.12.006",
url = "http://www.sciencedirect.com/science/article/pii/S0968090X14003568",
author = "Konstantinos Gkiotsalitis and Antony Stathopoulos",
keywords = "Social media, Social networks, Utility-maximization, Joint activity, Pattern recognition",
}

@article{Gkiotsalitis2016,
title = "Joint leisure travel optimization with user-generated data via perceived utility maximization",
journal = "Transportation Research Part C: Emerging Technologies",
volume = "68",
pages = "532 - 548",
year = "2016",
issn = "0968-090X",
doi = "https://doi.org/10.1016/j.trc.2016.05.009",
url = "http://www.sciencedirect.com/science/article/pii/S0968090X16300468",
author = "K. Gkiotsalitis and A. Stathopoulos",
keywords = "Joint travel optimization, Social media, Social networks, Utility-maximization, Stochastic search, Pattern recognition",
}

@article{Hasan2014,
title = "Urban activity pattern classification using topic models from online geo-location data",
journal = "Transportation Research Part C: Emerging Technologies",
volume = "44",
pages = "363 - 381",
year = "2014",
issn = "0968-090X",
doi = "https://doi.org/10.1016/j.trc.2014.04.003",
url = "http://www.sciencedirect.com/science/article/pii/S0968090X14000928",
author = "Samiul Hasan and Satish V. Ukkusuri",
keywords = "Activity pattern classification, Activity-based modeling, Social computing, Location-based data, Big data, Social media, Topic modeling, Machine learning",
}

@article{Chua2016,
title = "Mapping Cilento: Using geotagged social media data to characterize tourist flows in southern Italy",
journal = "Tourism Management",
volume = "57",
pages = "295 - 310",
year = "2016",
issn = "0261-5177",
doi = "https://doi.org/10.1016/j.tourman.2016.06.013",
url = "http://www.sciencedirect.com/science/article/pii/S0261517716301005",
author = "Alvin Chua and Loris Servillo and Ernesto Marcheggiani and Andrew Vande Moere",
keywords = "Data mining, Visual analytics, Flow analysis, Geotagged social media data",
}

@INPROCEEDINGS{Maghrebi2015, 
author={M. Maghrebi and A. Abbasi and T. H. Rashidi and S. T. Waller}, 
booktitle={2015 IEEE 18th International Conference on Intelligent Transportation Systems}, 
title={Complementing Travel Diary Surveys with Twitter Data: Application of Text Mining Techniques on Activity Location, Type and Time}, 
year={2015}, 
volume={}, 
number={}, 
pages={208-213}, 
keywords={data mining;intelligent transportation systems;pattern clustering;social networking (online);text analysis;travel industry;travel diary surveys;Twitter data;text mining techniques;activity location;activity type;activity time;social science;information extraction;social media;crowd projects management;geolocation;spatial based information;intelligent transportation services;travel activities;Sydney metropolitan area;data processing;tweets clustering;shopping;recreation;work;geotagged data;sentiment analysis;spatial distributions;classification exercise;Twitter;Media;Text mining;Pragmatics;Transportation;component;travel diary survey;twitter;social media}, 
doi={10.1109/ITSC.2015.43}, 
ISSN={2153-0017}, 
month={Sep.},
publisher={IEEE},
address={Las Palmas, Spain}
}

@INPROCEEDINGS{DiLorenzo2013, 
author={G. Di Lorenzo and M. L. Sbodio and V. Lopez and R. Lloyd}, 
booktitle={2013 IEEE 14th International Conference on Mobile Data Management}, 
title={EXSED: An Intelligent Tool for Exploration of Social Events Dynamics from Augmented Trajectories}, 
year={2013}, 
volume={1}, 
number={}, 
pages={323-330}, 
keywords={data visualisation;Internet;social networking (online);social sciences computing;user interfaces;EXSED interactive intelligent tool;social event dynamic exploration;user augmented trajectory;location-based user generated data;citizen mobility patterns;visual exploration;Dublin City Council;Ireland;real-world user-generated tweeter data;user-generated Web content;user interaction;Trajectory;Cities and towns;Semantics;Data models;Mobile handsets;Urban areas;Data mining;social events;data mining;mobile data;semantics;visualization}, 
doi={10.1109/MDM.2013.47}, 
ISSN={1551-6245}, 
month={June},
publisher={IEEE},
address={Milan, Italy}
}

@ARTICLE{Itoh2016, 
author={M. Itoh and D. Yokoyama and M. Toyoda and Y. Tomita and S. Kawamura and M. Kitsuregawa}, 
journal={IEEE Transactions on Big Data}, 
title={Visual Exploration of Changes in Passenger Flows and Tweets on Mega-City Metro Network}, 
year={2016}, 
volume={2}, 
number={1}, 
pages={85-99}, 
keywords={Big Data;traffic engineering computing;virtualisation;transportation systems;visualization environment;big data;smart card data;Twitter;social media data;Tokyo Metro data;transfer routes;public gatherings;accidents;natural disasters;mega-city metro network;passenger flows;visual exploration;Data visualization;Smart cards;Media;Public transportation;Big data;Visualization;Data mining;Information visualization;Visual analysis;Smart card;Big data;Information visualization;visual analysis;smart card;big data}, 
doi={10.1109/TBDATA.2016.2546301}, 
ISSN={2332-7790}, 
month={March},}

@ARTICLE{Ni2016, 
author={M. Ni and Q. He and J. Gao}, 
journal={IEEE Transactions on Intelligent Transportation Systems}, 
title={Forecasting the Subway Passenger Flow Under Event Occurrences With Social Media}, 
year={2017}, 
volume={18}, 
number={6}, 
pages={1623-1632}, 
keywords={convex programming;flow;learning (artificial intelligence);optimisation;railways;regression analysis;social networking (online);support vector machines;time series;traffic engineering computing;subway passenger flow forecasting;event occurrences;subway passenger flow prediction;metro transit system management;data source;moderate positive correlation;social media posts;hashtag-based event detection algorithm;parametric convex optimization;optimization and prediction with hybrid loss function;linear regression;seasonal autoregressive integrated moving average model;SARIMA model;OPL hybrid model;linear correlation;social media features;time series prediction;subway station;ensemble model;support vector machine regression;Twitter;Public transportation;Predictive models;Tagging;Forecasting;Social media;event identification;subway passenger flow prediction;social sensing;transit ridership}, 
doi={10.1109/TITS.2016.2611644}, 
ISSN={1524-9050}, 
month={June},}

@INPROCEEDINGS{Wang2017, 
author={S. Wang and R. Sinnott and S. Nepal}, 
booktitle={2016 IEEE 12th International Conference on e-Science (e-Science)}, 
title={Privacy-protected social media user trajectories calibration}, 
year={2016}, 
volume={}, 
number={}, 
pages={293-302}, 
keywords={data analysis;data privacy;social networking (online);privacy-protected social media;user trajectories calibration;data analytics;escience initiatives;urban sciences;policies development;sustainable urban living;urban traffic analysis;smart city management;mobile devices;location-aware capabilities;location-based social networks;citizens movements;trajectory data;privacy preserving solutions;data release;data analysis;private trajectories calibration;Trajectory;Data privacy;Calibration;Privacy;Twitter}, 
doi={10.1109/eScience.2016.7870912}, 
ISSN={}, 
month={Oct},
publisher={IEEE},
address={Baltimore, MD, USA}
}

@INPROCEEDINGS{Chaniotakis2015, 
author={E. Chaniotakis and C. Antoniou}, 
booktitle={2015 IEEE 18th International Conference on Intelligent Transportation Systems}, 
title={Use of Geotagged Social Media in Urban Settings: Empirical Evidence on Its Potential from Twitter}, 
year={2015}, 
volume={}, 
number={}, 
pages={214-219}, 
keywords={data analysis;social networking (online);statistics;traffic engineering computing;transportation;geotagged social media;Twitter;transportation research;data analysis;descriptive statistics;Data collection;Twitter;Media;Transportation;Databases;Sociology;Statistics}, 
doi={10.1109/ITSC.2015.44}, 
ISSN={2153-0017}, 
month={Sep.},
publisher={IEEE},
address={Las Palmas, Spain}
}

@INPROCEEDINGS{Guo2016, 
author={W. Guo and N. Gupta and G. Pogrebna and S. Jarvis}, 
booktitle={2016 IEEE International Smart Cities Conference (ISC2)}, 
title={Understanding happiness in cities using Twitter: Jobs, children, and transport}, 
year={2016}, 
volume={}, 
number={}, 
pages={1-7}, 
keywords={cost-benefit analysis;demography;geography;natural language processing;public transport;social networking (online);town and country planning;happiness understanding;city demographics;Twitter;job opportunities;children;city landscape;urban systems;large-scale sentiment maps;urban human geography;social media data;natural language processing technique;NLP;geo-tagged tweets;Greater London area;socioeconomic parameters;positive sentiments;U-shaped relationship;parabolic relationship;public transportation;cost-benefit methodology;Urban areas;Sociology;Statistics;Twitter;Business;happiness;social media data;sentiment}, 
doi={10.1109/ISC2.2016.7580790}, 
ISSN={}, 
month={Sep.},
address={Trento, Italy},
publisher={IEEE}
}

@INPROCEEDINGS{Sobolevsky2015, 
author={S. Sobolevsky and I. Bojic and A. Belyi and I. Sitko and B. Hawelka and J. M. Arias and C. Ratti}, 
booktitle={2015 IEEE International Congress on Big Data}, 
title={Scaling of City Attractiveness for Foreign Visitors through Big Data of Human Economical and Social Media Activity}, 
year={2015}, 
volume={}, 
number={}, 
pages={600-607}, 
keywords={behavioural sciences computing;Big Data;pattern recognition;social networking (online);city attractiveness;foreign visitors;Big Data;human economical activity;social media activity;human behavior;Spain;data sources;seasonal patterns;Cities and towns;Market research;Twitter;Sociology;Statistics;Videos;Robustness;human mobility;urban attraction;Flickr;Twitter;bank cards;superlinear scaling;discrete-choice model}, 
doi={10.1109/BigDataCongress.2015.92}, 
ISSN={2379-7703}, 
month={June},
address={New York, NY, USA},
publisher={IEEE}
}

@ARTICLE{Chaniotakis2016, 
author={E. Chaniotakis and C. Antoniou and F. Pereira}, 
journal={IEEE Intelligent Systems}, 
title={Mapping Social Media for Transportation Studies}, 
year={2016}, 
volume={31}, 
number={6}, 
pages={64-70}, 
keywords={intelligent transportation systems;social networking (online);social media mapping;transportation studies;strengths weaknesses opportunities and threats analysis;SWOT analysis;Social network services;Facebook;Twitter;Blogs;Market research;social media;data analytics;transportation systems;social media taxonomy;SWOT;intelligent systems}, 
doi={10.1109/MIS.2016.98}, 
ISSN={1541-1672}, 
month={Nov},}

@article{steiger2015advanced,
  title={An advanced systematic literature review on spatiotemporal analyses of Twitter data},
  author={Steiger, Enrico and Albuquerque, Jo{\~a}o Porto and Zipf, Alexander},
  journal={Transactions in GIS},
  volume={19},
  number={6},
  pages={809--834},
  year={2015},
  publisher={Wiley Online Library}
}

@article{jungherr2016twitter,
  title={Twitter use in election campaigns: A systematic literature review},
  author={Jungherr, Andreas},
  journal={Journal of information technology {\&} politics},
  volume={13},
  number={1},
  pages={72--91},
  year={2016},
  publisher={Taylor \& Francis}
}

@misc{fcas,
author = {Dias, Felipe},
title = {Repositório contendo os artefatos da Revisão Sistemática},
url = {https://github.com/fcas/dissertacao},
year = {2017}
}

@article{Steiger2015,
  title={An Advanced Systematic Literature Review on Spatiotemporal Analyses of T witter Data},
  author={Steiger, Enrico and De Albuquerque, Joao Porto and Zipf, Alexander},
  journal={Transactions in GIS},
  doi = {10.1111/tgis.12132},
  issn = {14679671},
  volume={19},
  number={6},
  pages={809--834},
  year={2015},
  publisher={Wiley Online Library}
}

@ARTICLE{Middleton2014, 
author={S. E. Middleton and L. Middleton and S. Modafferi}, 
journal={IEEE Intelligent Systems}, 
title={Real-Time Crisis Mapping of Natural Disasters Using Social Media}, 
year={2014}, 
volume={29}, 
number={2}, 
pages={9-17}, 
keywords={disasters;emergency management;geographic information systems;social networking (online);statistical analysis;natural disasters;social media crisis mapping platform;gazetteer;street map;volunteered geographic information;VGI;geoparsed real-time tweet data streams;statistical analysis;real-time crisis map generation;geoparsing result benchmarking;multilingual datasets;post-event impact assessment;Real-time systems;Floods;Databases;Media;Geospatial analysis;Twitter;Earthquakes;Real-time systems;Floods;Databases;Media;Geospatial analysis;Twitter;Earthquakes;intelligent systems;geoparsing;crisis mapping;natural language processing;NLP;volunteered geographic information;VGI;natural disaster;crisis management}, 
doi={10.1109/MIS.2013.126}, 
ISSN={1541-1672}, 
month={Mar},
}

@article{middleton2016geoparsing,
  title={Geoparsing and geosemantics for social media: spatio-temporal grounding of content propagating rumours to support trust and veracity analysis during breaking news},
  author={Middleton, Stuart E and Krivcovs, Vadims},
  journal={ACM Transactions on Information Systems},
  volume={34},
  number={3},
  pages={1--27},
  year={2016},
  publisher={ACM Press}
}

@misc{itsdot,
  title = {ITS Strategic Plan 2015-2019},
  author = {{United States Department of Transportation}},
  year = {2017},
  howpublished = "\url{https://www.its.dot.gov/strategicplan.pdf}",
  note = {Acesso em 17 de setembro de 2017}
}

@misc{antu,
  title = {Boas Práticas para a Nova Mobilidade Urbana},
  author = {{Agência Nacional de Transportes Urbanos}},
  year = {2017},
  howpublished = "\url{http://www.ntu.org.br/novo/upload/Publicacao/Pub635110576376336907.pdf}",
  note = {Acesso em 17 de setembro de 2017}
}

@article{SA201722,
title = "Health impact modelling of different travel patterns on physical activity, air pollution and road injuries for São Paulo, Brazil",
journal = "Environment International",
volume = "108",
number = "Supplement C",
pages = "22 - 31",
year = "2017",
issn = "0160-4120",
doi = "https://doi.org/10.1016/j.envint.2017.07.009",
url = "http://www.sciencedirect.com/science/article/pii/S0160412017305974",
author = "{SÁ, T. H.} and Marko Tainio and Anna Goodman and Phil Edwards and Andy Haines and Nelson Gouveia and Carlos Monteiro and James Woodcock"
}

@Article{Anttiroiko2013,
author="Anttiroiko, {Ari-Veikko}",
title="U-cities reshaping our future: reflections on ubiquitous infrastructure as an enabler of smart urban development",
journal="AI {\&} SOCIETY",
year="2013",
month="Dec",
day="01",
volume="28",
number="4",
pages="491--507",
issn="1435-5655",
doi="10.1007/s00146-013-0443-5",
url="https://doi.org/10.1007/s00146-013-0443-5"
}

@article{Nelson2013,
title = "The impact of the application of new technology on public transport service provision and the passenger experience: A focus on implementation in Australia",
journal = "Research in Transportation Economics",
volume = "39",
number = "1",
pages = "300 - 308",
year = "2013",
note = "THREDBO 12: Recent developments in the reform of land passenger transport",
issn = "0739-8859",
doi = "https://doi.org/10.1016/j.retrec.2012.06.028",
url = "http://www.sciencedirect.com/science/article/pii/S073988591200100X",
author = "John D. Nelson and Corinne Mulley",
keywords = "Intelligent Transport Systems (ITS), Public transport, Journey planners, Real-time information",
}

@article{consulo2016evaluation,
  author = {{Consulo, Mauricio} and {Scoton, Maria L. R. P. D.} and {Tatto, Jilmar A.} and {Dias, Eduardo M.}},
  title = {An evaluation of the proposed ITS system for the city of São Paulo based on the 2015 tender},
  DOI= "10.1051/matecconf/20167603004",
  url= "https://doi.org/10.1051/matecconf/20167603004",
  journal = {MATEC Web Conf.},
  year = {2016},
  volume = {76},
  pages = "03004",
}

@INPROCEEDINGS{Setiawan2017, 
author={E. B. Setiawan and D. H. Widyantoro and K. Surendro}, 
booktitle={2016 10th International Conference on Telecommunication Systems Services and Applications (TSSA)}, 
title={Feature expansion using word embedding for tweet topic classification}, 
year={2016}, 
volume={}, 
number={}, 
pages={1-5}, 
keywords={natural language processing;pattern classification;social networking (online);text analysis;feature expansion;word embedding;online social network;OSN service;Twitter;word2vec;tweet topic classification;Twitter;Support vector machines;Classification algorithms;Logistics;Vocabulary;Feature extraction;classification;topic;twitter;word2vec}, 
doi={10.1109/TSSA.2016.7871085}, 
ISSN={}, 
month={Oct},
publisher={IEEE},
address={Denpasar, Indonesia}
}

@inproceedings{Kobdani2010,
 author = {Kobdani, Hamidreza and Sch\"{u}tze, Hinrich and Burkovski, Andre and Kessler, Wiltrud and Heidemann, Gunther},
 title = {Relational Feature Engineering of Natural Language Processing},
 booktitle = {Proceedings of the 19th ACM International Conference on Information and Knowledge Management},
 series = {CIKM '10},
 year = {2010},
 isbn = {978-1-4503-0099-5},
 location = {Toronto, ON, Canada},
 pages = {1705--1708},
 numpages = {4},
 url = {http://doi.acm.org/10.1145/1871437.1871709},
 doi = {10.1145/1871437.1871709},
 acmid = {1871709},
 publisher = {ACM},
 address = {New York, NY, USA},
 keywords = {coreference resolution, feature engineering, natural language processing, relational data model},
} 

@article{Zhu2013,
title = "Feature engineering for semantic place prediction",
journal = "Pervasive and Mobile Computing",
volume = "9",
number = "6",
pages = "772 - 783",
year = "2013",
note = "Mobile Data Challenge",
issn = "1574-1192",
doi = "https://doi.org/10.1016/j.pmcj.2013.07.004",
url = "http://www.sciencedirect.com/science/article/pii/S1574119213000862",
author = "Yin Zhu and Erheng Zhong and Zhongqi Lu and Qiang Yang",
keywords = "Feature engineering, Domain knowledge, Feature selection, Classification",
}


@article{Ahvenniemi2017,
title = "What are the differences between sustainable and smart cities?",
journal = "Cities",
volume = "60",
pages = "234 - 245",
year = "2017",
issn = "0264-2751",
doi = "https://doi.org/10.1016/j.cities.2016.09.009",
url = "http://www.sciencedirect.com/science/article/pii/S0264275116302578",
author = "Hannele Ahvenniemi and Aapo Huovila and Isabel Pinto-SeppÃ€ and Miimu Airaksinen",
keywords = "Smart city, Sustainable city, Indicator, Assessment framework, Performance measurement",
}

@article{Kummitha2017,
title = "How do we understand smart cities? An evolutionary perspective",
journal = "Cities",
volume = "67",
pages = "43 - 52",
year = "2017",
issn = "0264-2751",
doi = "https://doi.org/10.1016/j.cities.2017.04.010",
url = "http://www.sciencedirect.com/science/article/pii/S026427511630378X",
author = "Rama Krishna Reddy Kummitha and Nathalie Crutzen",
keywords = "3RC framework, Human capital, Smart city, Technology",
}

@Article{Finger2017,
author="Finger, Matthias
and Razaghi, Mohamad",
title="Conceptualizing ``Smart Cities''",
journal="Informatik-Spektrum",
year="2017",
month="Feb",
day="01",
volume="40",
number="1",
pages="6--13",
issn="1432-122X",
doi="10.1007/s00287-016-1002-5",
url="https://doi.org/10.1007/s00287-016-1002-5"
}

@ARTICLE{Xiao2017, 
author={Z. Xiao and H. B. Lim and L. Ponnambalam}, 
journal={IEEE Transactions on Industrial Informatics}, 
title={Participatory Sensing for Smart Cities: A Case Study on Transport Trip Quality Measurement}, 
year={2017}, 
volume={13}, 
number={2}, 
pages={759-770}, 
keywords={groupware;incentive schemes;mobile computing;sensor fusion;smart cities;traffic engineering computing;transportation;participatory sensing;smart cities;PS platform;smartphone sensing and survey data;transport trip quality measurement system;TQMS;collaboration driven incentive mechanism;Smart cities;Intelligent sensors;Collaboration;Total quality management;Atmospheric measurements;Reliability;Participatory sensing (PS);smart cities;transport trip quality measurement}, 
doi={10.1109/TII.2017.2678522}, 
ISSN={1551-3203}, 
month={April},}

@article{Ang2017,
author={L. Ang and K. P. Seng and A. M. Zungeru and G. K. Ijemaru}, 
journal={IEEE Internet of Things Journal}, 
title={Big Sensor Data Systems for Smart Cities}, 
year={2017}, 
volume={4}, 
number={5}, 
pages={1259-1271}, 
keywords={Big Data;smart cities;big sensor data systems;big data computing;smart city;Smart cities;Robot sensing systems;Big Data;Standards;Internet of Things;Big data;networked sensors;sensor technologies;smart cities;survey}, 
doi={10.1109/JIOT.2017.2695535}, 
ISSN={2327-4662}, 
month={Oct},
}


@Article{Talari2017,
AUTHOR = {Talari, Saber and Shafie-khah, Miadreza and Siano, Pierluigi and Loia, Vincenzo and Tommasetti, Aurelio and CatalÃ£o, JoÃ£o P. S.},
TITLE = {A Review of Smart Cities Based on the Internet of Things Concept},
JOURNAL = {Energies},
VOLUME = {10},
YEAR = {2017},
NUMBER = {4},
URL = {http://www.mdpi.com/1996-1073/10/4/421},
ISSN = {1996-1073},
DOI = {10.3390/en10040421}
}

@ARTICLE{Moreno2017, 
author={M. V. Moreno and F. Terroso-Sáenz and A. González-Vidal and M. Valdés-Vela and A. F. Skarmeta and M. A. Zamora and V. Chang}, 
journal={IEEE Transactions on Industrial Informatics}, 
title={Applicability of Big Data Techniques to Smart Cities Deployments}, 
year={2017}, 
volume={13}, 
number={2}, 
pages={800-809}, 
keywords={Big Data;data analysis;data mining;Internet of Things;public transport;railway rolling stock;road vehicles;smart cities;traffic engineering computing;Big Data techniques;smart city deployments;Internet of Things;data analysis;smart campus;Murcia university;tram service;transit-card transactions;smart transport;transit-card mining;Smart cities;Big data;Intelligent sensors;Smart buildings;Data mining;Big data;Internet of Things (IOT);predictive models;smart city;transit-card mining}, 
doi={10.1109/TII.2016.2605581}, 
ISSN={1551-3203}, 
month={April},}

@article{Santos2017,
  author    = {Henrique Santos and
               Vasco Furtado and
               Paulo Pinheiro and
               Deborah L. McGuinness},
  title     = {Contextual Data Collection for Smart Cities},
  journal   = {CoRR},
  volume    = {abs/1704.01802},
  year      = {2017},
  url       = {http://arxiv.org/abs/1704.01802},
  timestamp = {Tue, 13 Jun 2017 16:50:31 +0200},
  biburl    = {http://dblp.uni-trier.de/rec/bib/journals/corr/SantosFPM17},
  bibsource = {dblp computer science bibliography, http://dblp.org}
}

@article{Barth2017,
author = {Barth, Julia and Fietkiewicz, Kaja J and Mainka, Agnes and Gremm, Julia and Meschede, Christine and Hartmann, Sarah and Stock, Wolfgang G},
doi = {http://hdl.handle.net/10125/41496},
isbn = {9780998133102},
journal = {Proc. 50th Hawaii Int. Conf. Syst. Sci.},
pages = {2814--2823},
title = {{Informational urbanism . A conceptual framework of smart cities}},
year = {2017}
}

@inproceedings{figueiredo2001towards,
  title={Towards the development of intelligent transportation systems},
  author={Figueiredo, Lino and Jesus, Isabel and Machado, JA Tenreiro and Ferreira, Jose Rui and De Carvalho, JL Martins},
  booktitle={Intelligent Transportation Systems, 2001. Proceedings. 2001 IEEE},
  pages={1206--1211},
  year={2001},
  address = {Oakland, CA},
  volume = {(Cat. No.01TH8585)},
  doi={10.1109/ITSC.2001.948835},
  organization={IEEE}
}

@article{menouar2017uav,
  title={UAV-Enabled Intelligent Transportation Systems for the Smart City: Applications and Challenges},
  author={Menouar, Hamid and Guvenc, Ismail and Akkaya, Kemal and Uluagac, A Selcuk and Kadri, Abdullah and Tuncer, Adem},
  journal={IEEE Communications Magazine},
  volume={55},
  number={3},
  pages={22--28},
  year={2017},
  publisher={IEEE}
}

@article{albino2015smart,
  title={Smart cities: Definitions, dimensions, performance, and initiatives},
  author={Albino, Vito and Berardi, Umberto and Dangelico, Rosa Maria},
  journal={Journal of Urban Technology},
  volume={22},
  number={1},
  pages={3--21},
  year={2015},
  publisher={Taylor \& Francis}
}

@article{guyon2006introduction,
  title={An introduction to feature extraction},
  author={Guyon, Isabelle and Elisseeff, Andr{\'e}},
  journal={Feature extraction},
  pages={1--25},
  year={2006},
  publisher={Springer}
}

@article{motoda2002feature,
  title={Feature selection, extraction and construction},
  author={Motoda, Hiroshi and Liu, Huan},
  journal={Communication of IICM (Institute of Information and Computing Machinery, Taiwan) Vol},
  volume={5},
  pages={67--72},
  year={2002}
}

@article{nadkarni2011natural,
  title={Natural language processing: an introduction},
  author={Nadkarni, Prakash M and Ohno-Machado, Lucila and Chapman, Wendy W},
  journal={Journal of the American Medical Informatics Association},
  volume={18},
  number={5},
  pages={544--551},
  year={2011},
  publisher={BMJ Group BMA House, Tavistock Square, London, WC1H 9JR}
}

@inproceedings{liu2017roadmap,
  title={A roadmap for natural language processing research in information systems},
  author={Liu, Dapeng and Li, Yan and Thomas, Manoj A},
  booktitle={Proceedings of the 50th Hawaii International Conference on System Sciences},
  address={Hilton Waikoloa Village, Hawaii},
  year={2017}
}

@article{roy2017understanding,
  title={Understanding Natural Language Processing and its Primary Aspects},
  author={Roy, Anurag and Majumder, Ashin Guha and Nath, Asoke},
  journal={International Journal},
  volume={5},
  number={8},
  year={2017}
}

@article{collobert2011natural,
  title={Natural language processing (almost) from scratch},
  author={Collobert, Ronan and Weston, Jason and Bottou, L{\'e}on and Karlen, Michael and Kavukcuoglu, Koray and Kuksa, Pavel},
  journal={Journal of Machine Learning Research},
  volume={12},
  number={Aug},
  pages={2493--2537},
  year={2011}
}

@inproceedings{Korenius,
 author = {Korenius, Tuomo and Laurikkala, Jorma and J\"{a}rvelin, Kalervo and Juhola, Martti},
 title = {Stemming and Lemmatization in the Clustering of Finnish Text Documents},
 booktitle = {Proceedings of the Thirteenth ACM International Conference on Information and Knowledge Management},
 series = {CIKM '04},
 year = {2004},
 isbn = {1-58113-874-1},
 location = {Washington, D.C., USA},
 pages = {625--633},
 numpages = {9},
 url = {http://doi.acm.org/10.1145/1031171.1031285},
 doi = {10.1145/1031171.1031285},
 acmid = {1031285},
 publisher = {ACM},
 address = {New York, NY, USA},
 keywords = {clustering, lemmatization, normalization, stemming},
} 

@article{khan2010review,
  title={A review of machine learning algorithms for text-documents classification},
  author={Khan, Aurangzeb and Baharudin, Baharum and Lee, Lam Hong and Khan, Khairullah},
  journal={Journal of advances in information technology},
  volume={1},
  number={1},
  pages={4--20},
  year={2010},
  publisher={Academy Publisher, PO Box 40 Oulu 90571 Finland}
}

@inproceedings{myers2014information,
  title={Information network or social network?: the structure of the twitter follow graph},
  author={Myers, Seth A and Sharma, Aneesh and Gupta, Pankaj and Lin, Jimmy},
  booktitle={Proceedings of the 23rd International Conference on World Wide Web},
  pages={493--498},
  year={2014},
  organization={ACM}
}

@article{zhou2014event,
  title={Event detection over twitter social media streams},
  author={Zhou, Xiangmin and Chen, Lei},
  journal={The VLDB journal},
  volume={23},
  number={3},
  pages={381--400},
  year={2014},
  publisher={Springer}
}

@article{atefeh2015survey,
  title={A survey of techniques for event detection in twitter},
  author={Atefeh, Farzindar and Khreich, Wael},
  journal={Computational Intelligence},
  volume={31},
  number={1},
  pages={132--164},
  year={2015},
  publisher={Wiley Online Library}
}

@inproceedings{niu2016community,
  title={Community-based geospatial tag estimation},
  author={Niu, Wei and Caverlee, James and Lu, Haokai and Kamath, Krishna},
  booktitle={Advances in Social Networks Analysis and Mining (ASONAM), 2016 IEEE/ACM International Conference on},
  pages={279--286},
  address={Davis, California},
  year={2016},
  organization={IEEE}
}

@inproceedings{yang2014druid,
  title={Druid: A real-time analytical data store},
  author={Yang, Fangjin and Tschetter, Eric and L{\'e}aut{\'e}, Xavier and Ray, Nelson and Merlino, Gian and Ganguli, Deep},
  booktitle={Proceedings of the 2014 ACM SIGMOD international conference on Management of data},
  pages={157--168},
  address={Snowbird, Utah, USA},
  year={2014},
  organization={ACM}
}

@article{chen2015survey,
  title={A survey of traffic data visualization},
  author={Chen, Wei and Guo, Fangzhou and Wang, {Fei-Yue}},
  journal={IEEE Transactions on Intelligent Transportation Systems},
  volume={16},
  number={6},
  pages={2970--2984},
  year={2015},
  publisher={IEEE}
}

@article{andrienko2017visual,
  title={Visual analytics of mobility and transportation: State of the art and further research directions},
  author={Andrienko, Gennady and Andrienko, Natalia and Chen, Wei and Maciejewski, Ross and Zhao, Ye},
  journal={IEEE Transactions on Intelligent Transportation Systems},
  volume={18},
  number={8},
  pages={2232--2249},
  year={2017},
  publisher={IEEE}
}

@inproceedings{seraj2017aggregation,
  title={An aggregation and visualization technique for crowd-sourced continuous monitoring of transport infrastructures},
  author={Seraj, Fatjon and Meratnia, Nirvana and Havinga, Paul JM},
  booktitle={Pervasive Computing and Communications Workshops (PerCom Workshops), 2017 IEEE International Conference on},
  pages={219--224},
  address={Kona, HI, USA},
  year={2017},
  organization={IEEE}
}